@Misc{Psi3,
  author =       "T. D. Crawford and C. D. Sherrill and E. F. Valeev
		  and J. T. Fermann and R. A. King and M. L. Leininger
		  and S. Brown and C. L. Janssen and E. T. Seidl and
		  Joseph P. Kenny and W. D. Allen",
  title =        "{PSI 3.2}",
  year =         2003,
}
