@Misc{Psi3,
  author =       "T. D. Crawford and C. D. Sherrill and E. F. Valeev
		  and J. T. Fermann and M. L. Leininger and R. A. King
		  and S. Brown and C. L. Janssen and E. T. Seidl and
		  T. P. Hamilton and Y. Yamaguchi and R. B. Remington
		  and Y. Xie and G. Vacek and W. D. Allen and H. F. Schaefer",
  title =        "{PSI 3, developmental revision}",
  howpublished = "{PSITECH}, Inc., Watkinsville, GA 30677, U. S. A.",
  year =         1999,
}
